<record><leader>00000cas a22000007a 4500</leader><controlfield tag="001">35193655</controlfield><controlfield tag="008">960806d19211975okuwr n       0    0eng d</controlfield><datafield ind1=" " ind2=" " tag="010"><subfield code="a">sn 96093805 </subfield></datafield><datafield ind1=" " ind2=" " tag="040"><subfield code="a">OBN</subfield><subfield code="b">eng</subfield><subfield code="c">OBN</subfield><subfield code="d">OCLCQ</subfield><subfield code="d">OCLCF</subfield><subfield code="d">OCLCO</subfield></datafield><datafield ind1="1" ind2=" " tag="029"><subfield code="a">AU@</subfield><subfield code="b">000012746155</subfield></datafield><datafield ind1=" " ind2=" " tag="042"><subfield code="a">msc</subfield></datafield><datafield ind1=" " ind2=" " tag="043"><subfield code="a">n-us-ok</subfield></datafield><datafield ind1="0" ind2=" " tag="130"><subfield code="a">Canton record (Canton, Okla.)</subfield></datafield><datafield ind1="1" ind2="4" tag="245"><subfield code="a">The Canton record.</subfield></datafield><datafield ind1=" " ind2=" " tag="260"><subfield code="a">Canton, Blaine County, Okla. :</subfield><subfield code="b">B.H Burnham</subfield></datafield><datafield ind1=" " ind2=" " tag="300"><subfield code="a">v.</subfield></datafield><datafield ind1=" " ind2=" " tag="310"><subfield code="a">Weekly</subfield></datafield><datafield ind1="0" ind2=" " tag="362"><subfield code="a">Vol. 1, no. 1 (May 19, 1921)-v. 54, no. 23 (June 5, 1975).</subfield></datafield><datafield ind1=" " ind2="0" tag="651"><subfield code="a">Canton (Okla.)</subfield><subfield code="v">Newspapers.</subfield></datafield><datafield ind1=" " ind2="0" tag="651"><subfield code="a">Blaine County (Okla.)</subfield><subfield code="v">Newspapers.</subfield></datafield><datafield ind1=" " ind2="7" tag="655"><subfield code="a">Newspapers.</subfield><subfield code="2">fast</subfield><subfield code="0">(OCoLC)fst01423814</subfield></datafield><datafield ind1=" " ind2="7" tag="651"><subfield code="a">Oklahoma</subfield><subfield code="z">Blaine County.</subfield><subfield code="2">fast</subfield><subfield code="0">(OCoLC)fst01221848</subfield></datafield><datafield ind1=" " ind2="7" tag="651"><subfield code="a">Oklahoma</subfield><subfield code="z">Canton.</subfield><subfield code="2">fast</subfield><subfield code="0">(OCoLC)fst01237153</subfield></datafield><datafield ind1=" " ind2=" " tag="752"><subfield code="a">United States</subfield><subfield code="b">Oklahoma</subfield><subfield code="c">Blaine</subfield><subfield code="d">Canton.</subfield></datafield><datafield ind1="0" ind2="0" tag="780"><subfield code="t">Canadian Valley record (Cantonment, Okla.)</subfield><subfield code="w">(DLC)sn 96093804</subfield><subfield code="w">(OCoLC)35193593</subfield></datafield><datafield ind1="0" ind2="0" tag="785"><subfield code="t">Canton times (Canton, Okla.)</subfield><subfield code="w">(DLC)sn 96093806</subfield><subfield code="w">(OCoLC)35193722</subfield></datafield></record>